@Manual{novathesis-manual,
	title        = {{The NOVAthesis \LaTeX\ Template User's Manual}},
	author       = {João M. Lourenço},
	organization = {NOVA University Lisbon},
	year         = {2021},
	url          = {https://github.com/joaomlourenco/novathesis/raw/main/template.pdf},
  keywords =     {novathesis-manual},
}
